

@phdthesis{fredlund2001framework,
  title={A framework for reasoning about {{E}}rlang code},
  author={Fredlund, Lars-{\AA}ke},
  year={2001},
  school={Mikroelektronik och informationsteknik}
}

@inproceedings{nishida2016reversible,
	title={A reversible semantics for {{E}}rlang},
	author={Nishida, Naoki and Palacios, Adri{\'a}n and Vidal, Germ{\'a}n},
	booktitle={International Symposium on Logic-Based Program Synthesis and Transformation},
	pages={259--274},
	year={2016},
	organization={Springer}
}

@article{fredlund2003verification,
	title={A verification tool for {{E}}rlang},
	author={Fredlund, Lars--{\AA}ke and Gurov, Dilian and Noll, Thomas and Dam, Mads and Arts, Thomas and Chugunov, Gennady},
	journal={International Journal on Software Tools for Technology Transfer},
	volume={4},
	number={4},
	pages={405--420},
	year={2003},
	publisher={Springer}
}

@article{neuhausser2007abstraction,
	title={Abstraction and model checking of {{C}}ore {{E}}rlang programs in {{M}}aude},
	author={Neuh{\"a}u{\ss}er, Martin and Noll, Thomas},
	journal={Electronic Notes in Theoretical Computer Science},
	volume={176},
	number={4},
	pages={147--163},
	year={2007},
	publisher={Elsevier}
}

@article{kHoszegikerl,
	title={{{KE}}rl: {{E}}xecutable semantics for {{E}}rlang},
	author={K{\H{o}}szegi, Judit}
}

@inproceedings{vidal2014towards,
	title={Towards symbolic execution in {{E}}rlang},
	author={Vidal, Germ{\'a}n},
	booktitle={International Andrei Ershov Memorial Conference on Perspectives of System Informatics},
	pages={351--360},
	year={2014},
	organization={Springer}
}

@book{huch1999verification,
	title={Verification of {{E}}rlang programs using abstract interpretation and model checking},
	author={Huch, Frank},
	volume={34},
	number={9},
	year={1999},
	publisher={ACM}
}

@article{carlsson2000core,
	title={Core {{E}}rlang 1.0 language specification},
	author={Carlsson, Richard and Gustavsson, Bj{\"o}rn and Johansson, Erik and Lindgren, Thomas and Nystr{\"o}m, Sven-Olof and Pettersson, Mikael and Virding, Robert},
	journal={Information Technology Department, Uppsala University, Tech. Rep},
	year={2000}
}


